@book{adams1995hitchhiker,
  title={The Hitchhiker's Guide to the Galaxy},
  author={Adams, D.},
  isbn={9781417642595},
  url={http://books.google.com/books?id=W-xMPgAACAAJ},
  year={1995},
  publisher={San Val}
}
@book{jakub2018zulczyk,
  title={Ślepnąc od świateł},
  author={Jakub Żulczyk},
  isbn={9788381391733},
  url={http://lubimyczytac.pl/ksiazka/4863015/slepnac-od-swiate},
  year={2018},
  publisher={San Val}
}
@book{marcin2017wicha,
  title={Rzeczy, których nie wyrzuciłem},
  author={Marcin Wicha},
  isbn={9788365271389},
  url={http://lubimyczytac.pl/ksiazka/4385143/rzeczy-ktorych-nie-wyrzucilem},
  year={2017},
  publisher={San Val}
}
@book{heather2018morris,
  title={Tatuażysta z Auschwitz},
  author={Heather Morris},
  isbn={9788365973313},
  url={http://lubimyczytac.pl/ksiazka/4845001/tatuazysta-z-auschwitz},
  year={2018},
  publisher={San Val}
}